2010 3630
108 322 167 376 162
399 336 600 378 caursrmcna.

103 483 217 552 statque
228 497 313 535 mora
323 480 438 551 patiens,
450 479 569 538 humeris
580 498 630 537 uec
640 481 760 555 pondera
774 485 868 543 sentit.

103 573 146 629 Sic
157 573 205 628 nbi
218 577 379 629 Tartareum
392 577 498 649 Regem
511 575 692 648 Rhodopeius
708 576 835 653 Orpheus

104 667 235 723 Threiciis
247 668 351 725 studuit
363 669 464 726 fidibus
476 669 607 734 mulcere,
621 669 722 726 laboris

104 766 264 828 Immemor,
275 764 394 820 AEolides
405 765 511 837 stupuit
523 763 707 820 modulamina
718 764 832 839 plectri,

104 861 163 914 Nec
174 860 256 913 sensit
268 860 367 914 funesti
379 877 464 914 onera
477 860 660 915 incumbentia
672 862 740 917 saxi.

104 957 179 1025 Sapo
191 954 358 1009 interventus
370 955 459 1009 rhedae
470 956 638 1027 crepitantis,
651 957 687 1010 ab
700 954 748 1011 illo

104 1049 246 1113 vicorum,
258 1056 306 1103 aut
315 1048 373 1113 illo,
385 1050 530 1122 stipantem
543 1051 606 1104 binc
619 1051 681 1106 inde
692 1057 835 1108 catervam

105 1143 228 1207 Dividit,
247 1150 276 1198 at
288 1161 378 1198 rursus
390 1146 501 1207 coeunt,
515 1145 561 1199 ubi
573 1145 682 1199 transiit
695 1143 751 1209 illa,

104 1241 141 1292 Ut
153 1240 252 1293 coiirmt
262 1255 365 1301 rursus,
377 1238 475 1311 puppis
487 1256 553 1310 quas
565 1237 673 1301 diridit,
687 1238 776 1294 unda.

142 1331 292 1386 Canticnlae
302 1333 406 1386 interea
414 1338 572 1387 narraverat
584 1339 780 1403 argumentum

104 1426 199 1483 Altera
207 1427 341 1491 Sirenum,
354 1427 430 1481 infidi
440 1427 562 1500 perjuria
575 1435 676 1492 nauta,

104 1525 310 1593 Deceptamque
322 1520 385 1576 dolo
396 1523 548 1592 nympham
558 1545 568 1585 a
585 1529 647 1577 tum
658 1521 749 1577 flebile
761 1538 876 1579 carmen

105 1615 253 1672 Flebilibus
265 1617 352 1671 morit
363 1616 492 1680 numeris,
505 1635 574 1690 quos
587 1617 674 1672 altera
686 1635 766 1673 rorata

104 1709 217 1767 Alterno
229 1713 336 1784 excepit
347 1733 355 1765 r
375 1710 474 1784 patulis
486 1719 560 1766 stam
572 1712 686 1768 rictibus
698 1729 814 1768 omnent

106 1808 238 1862 Dextram
251 1804 295 1860 illc
308 1805 434 1870 acclinat,
446 1805 541 1861 laevam
555 1807 601 1862 ille
614 1807 743 1862 attentius
756 1825 865 1875 aurem,

106 1901 272 1956 Promissum
284 1918 393 1969 carmen
406 1908 515 1976 captare
524 1911 639 1976 paratus
649 1902 737 1958 hiatu.

105 2000 201 2070 Longa
213 1997 314 2053 referre
327 2014 408 2053 mora
420 2004 471 2062 est,
484 1999 607 2053 animum
618 2016 673 2072 qua
685 1999 783 2054 uicerit
795 2006 858 2055 arto

105 2094 264 2166 virgineum
273 2095 392 2164 juvenis.
428 2096 492 2148 Jam
504 2101 619 2165 poscunt
630 2092 746 2166 undique
758 2093 868 2150 chartas

105 2192 244 2244 Protensae
255 2206 308 2258 em}
319 2195 413 2243 torum
425 2188 535 2252 dextrae,
547 2205 614 2260 quas
627 2186 675 2242 illa
686 2186 730 2243 rel
742 2185 790 2242 illa

106 2283 263 2346 Distribuit,
276 2289 423 2354 cantatque
435 2282 515 2336 simul
530 2304 537 2336 ε
556 2299 644 2354 neque
654 2282 758 2338 ferreus
768 2282 822 2337 isto

106 2381 154 2434 list
165 2392 279 2448 usquam
292 2377 411 2439 auditor,
424 2375 509 2430 dulcis
521 2376 565 2431 cui
577 2375 637 2431 lenc
649 2392 772 2435 camma

106 2475 169 2528 Non
182 2470 293 2525 adiubet
303 2476 480 2534 tormentum,
493 2475 522 2524 ct
532 2466 667 2524 furtivum
678 2468 754 2525 elicit
765 2485 866 2527 usam.

106 2568 166 2621 Stat
178 2564 283 2619 medios
295 2564 365 2619 inter
376 2562 529 2639 baculoque
545 2562 672 2618 innititur
684 2567 764 2625 lrusr

105 2662 163 2715 Nec
175 2667 266 2713 tamen
277 2658 321 2713 bic
333 2657 425 2714 loculo
437 2658 537 2732 parcit,
547 2656 593 2713 ted
605 2654 734 2730 prodigus
746 2655 807 2712 aris

105 2756 223 2826 Emptor
234 2753 320 2816 adest,
333 2752 415 2807 solvit
426 2752 557 2824 pretium,
569 2768 731 2827 carmenque
744 2751 872 2824 requirit.

104 2850 173 2906 Fors
180 2851 263 2918 juxta
271 2846 398 2903 adstabat
409 2846 503 2902 vetula
513 2847 668 2903 iracundior
682 2862 760 2918 aquo
771 2867 780 2906 r

101 2943 174 3001 Quae
185 2941 275 2998 loculo
287 2959 323 2998 ex
334 2942 390 2997 imo
403 2943 532 3006 inritum,
543 2940 711 3014 longumque
720 2938 855 2995 latentem

104 3041 272 3111 Depromcns
282 3038 329 3093 vix
340 3038 448 3093 laudern
462 3035 587 3102 obolum,
599 3035 681 3100 Cedo,
693 3034 815 3100 foemina,
826 3033 907 3092 char·

209 3140 278 3201 tam,
