2010 3630
362 292 633 357 crnaasosscotn
837 301 894 357 229

102 436 204 518 eudicti
210 436 307 534 'argnti
319 453 402 532 quum
413 469 469 514 non
479 456 611 514 formidet
620 435 746 520 neuneu,
757 476 761 484 ’

103 551 495 626 Expediat'physicne-neque
503 552 575 606 enim
588 553 669 606 datur
681 551 773 605 omnia
785 551 853 606 scire
881 570 885 575 ·

103 645 305 702 Vatibus-tros
318 662 402 700 nuum
416 646 480 700 satir
492 651 532 699 est
544 661 718 716 cognoscere,
730 643 803 716 quod
814 661 871 700 non

99 746 251 806 ineassum,
262 739 401 812 velutique
412 739 585 812 ipsi,¹natura
596 737 714 792 laborat.

139 837 232 895 Quare
245 850 307 906 age,
319 843 379 914 quse
390 832 582 888 sensnfuerint
591 834 680 904 magis
689 832 900 895 obvia‚sneenm

106 930 246 1002 conspice
257 945 312 984 nee
320 926 413 984 carrha
425 915 648 982 rernr'n'ecrutare
660 927 786 1000 reptatas.
868 954 871 958 ⁴
892 946 895 951 ·

140 1022 388 1096 Ecce‘superfitr'es,
401 1019 484 1092 quarn
496 1021 632 1094 quondam
645 1021 764 1092 inglorii
774 1021 875 1076 nudans

104 1118 203 1174 vestiit
214 1116 323 1181 alberio,
335 1133 386 1172 ceu
398 1115 471 1171 mille
483 1115 620 1171 coloribus
632 1116 684 1170 Iris

105 1213 227 1277 bubata,
241 1217 360 1267 ostentat
371 1210 439 1263 varii
450 1209 606 1264 discrimina
616 1209 684 1272 fuci,
774 1250 777 1257 ,

107 1305 308 1376 Luxuriernque
320 1304 430 1365 noram,
443 1303 571 1375 lentoque
582 1303 702 1374 superbit
715 1304 825 1360 amictu.

109 1400 201 1455 Cernis
214 1405 245 1452 nt
258 1399 358 1469 incepit
369 1397 445 1452 nullo
457 1397 601 1452 flavescere
617 1398 693 1452 cuitu

109 1493 255 1566 Extemplo
268 1501 376 1547 matura
389 1509 463 1565 seges
474 1513 482 1556 ς
498 1496 557 1562 jam
570 1508 654 1547 suave
664 1494 791 1550 rubentes

110 1593 181 1644 Area
193 1594 290 1659 sponte
304 1605 353 1643 sua
363 1587 515 1642 fundit-tibi
529 1585 638 1641 Dedala
650 1587 737 1644 flores.

111 1683 162 1737 Hic
176 1681 249 1738 mole
260 1684 361 1754 exigua
372 1689 469 1744 turres,
481 1680 661 1754 simulataque
672 1685 779 1756 magnis

111 1780 196 1832 Tecta
207 1782 323 1849 angusta
336 1775 409 1830 vides
422 1797 429 1828 r
449 1775 493 1830 scd
507 1792 596 1846 prono
607 1775 708 1830 vertice
719 1779 802 1832 turris

114 1873 235 1941 Desuper
247 1869 401 1941 impendens
412 1875 503 1932 nutat,
514 1884 687 1940 summusque
699 1870 825 1926 deorsum

112 1963 208 2034 Vergit
221 1980 309 2034 apexs
328 1962 428 2017 coeiurn
442 1961 561 2016 subsedit
574 1962 608 2016 ad
621 1963 676 2016 ima
688 1963 805 2028 tabellae,
900 1959 903 1969 '

112 2059 222 2111 Summa
231 2064 324 2129 petens
335 2058 445 2112 emersit
456 2057 573 2112 humus:
591 2057 630 2111 sic
642 2059 756 2114 rusticus
768 2060 835 2116 oiim
865 2080 869 2088 ⁴

115 2151 233 2207 Credidit
244 2152 404 2222 antipodum
416 2168 523 2205 sursum
536 2150 651 2221 vestigia
663 2150 725 2214 niti,
752 2150 755 2155 ’
811 2176 815 2185 ·

115 2244 301 2316 impositoque
310 2245 413 2298 haerere
424 2243 503 2306 solos
524 2246 636 2298 miratus
648 2244 766 2308 abunde,

117 2336 198 2394 Quod
210 2354 265 2390 non
277 2335 408 2408 praecipiti
421 2334 496 2407 tapsar
508 2343 584 2408 petat
595 2337 678 2391 ardua
690 2337 749 2393 creti

117 2429 238 2485 Pendula
247 2432 329 2485 turea
340 2447 428 2493 ruens,
441 2431 616 2503 subjectaque
627 2432 722 2503 sy'dora
732 2433 830 2505 puiset.

152 2523 205 2578 Hic
215 2524 298 2578 etiarn
310 2530 427 2585 motum,
440 2541 520 2594 quem
532 2540 587 2577 non
598 2533 638 2578 est
650 2543 730 2580 ausus
742 2528 849 2598 Apelles

119 2619 223 2684 Metiri,
236 2620 339 2692 pictum
349 2619 472 2692 aspicias.
510 2621 544 2673 Ut
555 2618 790 2693 grmnine-'flabris

120 2719 230 2770 Summa
243 2722 374 2777 tremunt,
388 2714 541 2785 nudantque
553 2714 606 2768 levi
616 2716 767 2773 sinuamine
778 2721 894 2778 fluctus!

120 2811 229 2864 Mirnica
243 2827 314 2865 nunc
325 2807 466 2863 hominurn
478 2807 590 2880 effigies,
602 2826 674 2863 nnnc
685 2810 779 2866 charta
790 2813 913 2870 ferarum

120 2906 253 2961 Mentitur
265 2904 428 2961 simulachra
441 2904 531 2958 modis
539 2903 683 2958 volitantia
694 2905 776 2960 miris.

121 3000 249 3054 Certatim
262 3005 412 3070 properant
422 3006 517 3053 tenues
527 3015 660 3054 arcessere
671 2999 750 3063 ritas,

121 3094 269 3166 Progenies
279 3092 428 3154 hodierna;
447 3098 475 3146 et
486 3091 605 3164 plurima
616 3090 699 3164 spirat
711 3093 814 3165 imago,

121 3188 291 3260 Miraturque
302 3203 387 3242 novas
399 3187 511 3253 formas,
523 3195 551 3244 et
562 3205 617 3244 non
629 3205 678 3244 rua
689 3189 821 3245 membra.
