2010 3630
116 316 172 370 itt
283 328 421 370 marones
441 330 509 370 soar
531 330 568 370 ar
587 331 667 381 nam,
687 315 740 374 &a

112 473 274 530 Exciderant
287 475 388 539 animo,
400 493 450 530 nee
463 474 546 547 longe
557 493 574 530 a
584 477 661 532 fonte
674 485 805 543 remotus,

111 573 237 625 Coenosas
248 571 358 625 haurire
370 571 464 627 infelix
475 580 593 645 coeperat
606 574 700 629 undas.

145 664 272 748 ritsirmrl
283 670 373 736 ejecto
385 668 451 721 sitia
463 668 586 740 irrupere
598 668 710 740 pudore,

109 760 243 843 Disrupto
256 761 364 847 rapidus
378 761 460 816 veluti
473 763 544 816 solet
556 763 634 817 obioe
646 771 772 828 tomeun

109 838 234 910 condeio
241 852 396 927 tirmieges,
408 856 429 909 si
441 873 510 928 quos
522 858 674 912 reverentis
685 858 781 913 nvom

109 951 200 1006 Movit
211 951 309 1014 adhuc,
323 968 438 1022 crepere,
452 951 518 1004 fides
529 969 574 1014 ne,
587 969 718 1024 sacraque
725 957 804 1022 jura,

108 1047 223 1118 Ipsaque
235 1045 343 1099 virtutis
355 1045 461 1117 penitus
474 1054 651 1101 monumenta
663 1047 793 1119 perirent.

143 1140 225 1199 Quod
238 1141 259 1194 si
272 1158 327 1193 non
341 1139 442 1212 aliqua,
455 1148 487 1194 nt
499 1143 595 1197 misere
607 1143 756 1207 contendis,
769 1144 870 1199 inesset

104 1236 152 1289 Vis
164 1235 258 1289 nativa
270 1239 358 1298 Bono,
372 1253 432 1306 quae
444 1234 504 1307 lege
514 1235 652 1307 antiquior
663 1239 749 1301 omni,

106 1334 161 1386 Cur
172 1349 238 1411 non]¹
250 1348 312 1407 enm
326 1331 353 1382 in
366 1330 464 1385 vitium
478 1329 557 1402 proni
569 1331 719 1403 rapiamur,
732 1332 853 1388 honestis

103 1410 423 1496 Postpo'sitisquebonis,
437 1425 579 1478 inhonesta
590 1431 618 1479 et
631 1443 718 1496 prava
724 1427 882 1495 jubentur!

142 1519 251 1574 Scilicet
263 1502 361 1572 aeteiiris
374 1527 415 1576 cst
427 1518 524 1582 virtus,
538 1538 607 1591 quae,
622 1520 740 1592 Regulo,
750 1522 809 1576 visa
822 1529 874 1587 est.

105 1617 174 1669 Tam
185 1600 309 1668 formosa
317 1614 367 1667 tibi
380 1635 388 1666 ι
408 1619 480 1667 certe
490 1615 551 1677 dea,
563 1612 681 1687 Regule‚
690 1615 748 1670 visa
759 1623 811 1681 eat,

103 1711 192 1765 Ausus
203 1712 264 1762 eras
277 1708 334 1779 prae'
345 1726 399 1779 qus
412 1707 592 1780 lacrymantes
604 1711 714 1779 rejicere
727 1728 744 1763 a
756 1718 785 1765 te

102 1807 233 1867 Uxorem,
245 1809 377 1874 natosque
390 1810 462 1867 tnos,
476 1810 620 1874 certusque
632 1804 730 1867 redire,

103 1884 252 1955 Poenoruin
266 1900 370 1973 rabiem
383 1905 465 1972 atque
479 1897 602 1953 ultricem
615 1907 739 1956 temnere
753 1908 881 1959 mortem.

104 1997 180 2067 Ergo
191 1994 275 2061 etiam
287 1994 350 2056 seri,
362 1999 424 2065 post
436 1998 479 2046 tot
490 2009 599 2063 quoque
610 1991 698 2055 secla,
712 2003 828 2065 nepotes

103 2089 234 2145 Divinum
248 2087 388 2161 exemplar
400 2086 484 2141 tacito
497 2094 659 2141 venerantur
671 2087 787 2146 honore.

139 2189 186 2248 At,
199 2185 409 2247 lucis'metuens,
422 2172 557 2247 tenebras,
570 2190 598 2236 et
609 2184 698 2237 noetis
711 2201 806 2254 opacae

104 2282 227 2353 'regmen
240 2285 314 2334 amat
326 2279 424 2333 vitium
437 2299 445 2340 t
465 2279 509 2332 sed
523 2295 572 2332 nec
582 2277 737 2332 densissima
748 2279 837 2335 noctis

103 2378 208 2431 Umbra
219 2375 291 2430 valet
304 2375 433 2428 miserum
446 2391 463 2426 a
475 2374 564 2443 seipso
575 2372 664 2426 celare
674 2380 829 2430 nocentem.

104 2478 181 2529 Intus
193 2473 251 2543 agit
264 2468 386 2526 stimulos
398 2487 473 2524 mens
486 2468 592 2523 conscia
602 2485 683 2540 seque
696 2467 807 2541 flagello

104 2569 258 2640 Insequitur
270 2585 354 2630 caeco,
367 2572 472 2620 tortore
483 2564 602 2619 ferocior
615 2565 700 2619 omni.

141 2666 198 2717 Nec
209 2659 360 2736 quenquam
374 2678 441 2733 ergo
455 2659 522 2713 adeo
536 2659 648 2714 rationis
660 2675 739 2733 egere
750 2668 889 2733 putarem,

104 2759 169 2823 Qui,
180 2759 212 2822 si,
224 2757 299 2831 quod
311 2754 384 2828 turpi
397 2756 497 2828 satagit
508 2754 666 2826 conquirere
677 2754 784 2820 fraude,

102 2851 212 2907 Lucrati
225 2849 291 2905 iilud
303 2834 375 2927 idem
387 2855 475 2920 posset
488 2849 545 2903 sine
557 2847 662 2912 fraude,
675 2857 809 2920 negarem

103 2952 138 3004 Et
151 2949 209 3003 voti
221 2944 306 3001 nollet
317 2946 387 3008 fieri,
399 2944 448 2999 nisi
460 2944 582 3007 crimine,
594 2962 716 3017 compos.

137 3049 213 3107 Jam,
225 3042 276 3098 sibi
289 3041 335 3114 qui
349 3042 464 3113 ignoscit
477 3041 594 3114 propriis
607 3039 680 3095 vitiis
691 3040 755 3097 satis
767 3054 868 3116 aequus,

102 3144 245 3197 Censorem
259 3137 401 3192 mendosus
412 3138 470 3207 agit
482 3160 490 3198 ;
512 3137 622 3189 desaevit
635 3142 662 3189 et
675 3136 743 3208 ipse,

103 3239 221 3294 Censura
233 3234 346 3305 dignum
360 3233 380 3288 si
393 3233 541 3306 quidquam
556 3231 693 3288 admiserit
705 3230 784 3288 alter.
883 3246 886 3253 ·
