2010 3630
288 329 426 370 nnrroues
448 329 516 370 sous
537 330 575 369 ar
594 330 674 380 usar,
695 311 748 373 διο.
858 320 912 372 173

151 475 284 532 Rusticus
294 474 361 530 olim
375 476 444 530 adiit
455 473 605 530 consultum
614 476 696 544 juris,
709 484 739 530 ut
752 477 839 542 aiunt,

114 575 329 626 Percontaturus
340 572 407 644 quid
420 569 463 625 lex
474 573 587 625 sentiret
600 571 627 624 in
639 571 690 632 bac
704 590 733 626 re
744 593 752 625 z

114 668 168 720 Bos
177 665 269 729 vicini,
283 665 382 736 inquit,
394 683 485 736 sepem
499 665 632 737 perrupit,
644 665 726 738 agelli

114 757 240 813 'tutelam
252 757 350 821 nostri,
362 765 391 812 et
401 759 520 813 viridem·
528 759 596 830 pede
608 759 704 830 pressit
720 760 878 827 aristam.—
896 810 901 827 ‚

114 853 213 907 Pressit
226 853 350 916 aristam,
362 852 420 907 ais?
440 860 469 906 et
480 870 576 924 sepem
584 855 725 928 perrupit?
746 853 821 908 abito
895 840 906 853 ⁴

115 949 227 1000 Securus
239 969 248 1008 ς
268 944 349 1000 eausa
360 946 469 1000 riuoes:
489 949 527 1000 mi
540 946 619 1001 crede
631 944 765 1002 retentum

116 1041 173 1094 Hoc
186 1041 237 1094 tibi
251 1042 404 1114 praegrandi
417 1049 515 1112 praesto
527 1060 590 1095 cum
602 1041 707 1096 foeuore
719 1042 858 1095 damnum.

114 1135 243 1189 Rusticus
264 1135 420 1199 hic‚-satis
441 1142 500 1188 ests
529 1136 579 1189 bos
599 1153 665 1188 uam
684 1134 852 1199 mue-imo,
874 1135 914 1189 ait

216 1227 299 1292 aiter,
392 1217 394 1220 ’
607 1228 611 1233 ’

114 1324 138 1378 Si
150 1342 237 1388 meus,
250 1331 290 1379 est
303 1324 385 1397 longe
397 1343 439 1379 res
447 1327 506 1394 jam
519 1323 625 1378 diversa
636 1323 768 1394 profecto.

148 1416 240 1475 Quam
254 1417 366 1472 ridenda
375 1425 438 1473 tuos
451 1419 520 1471 bene
533 1416 621 1488 pingit
632 1415 725 1470 fabula
737 1422 844 1499 mores!
888 1462 892 1479 ‚

115 1511 178 1576 Qui,
193 1512 216 1566 si
229 1513 264 1567 de
276 1512 393 1584 propriis
404 1513 498 1585 perdas
509 1511 575 1583 quid
587 1511 649 1566 vive
660 1509 769 1576 dolisve,
817 1502 820 1506 ⁵
867 1504 877 1527 ⁷
885 1506 897 1529 λ

113 1609 238 1662 Protinus
250 1607 396 1671 exclamas,
410 1612 533 1678 etjuras,
547 1616 578 1662 ut
585 1616 653 1663 'tuus
664 1618 704 1662 est
716 1626 786 1673 mos,
844 1609 848 1617 ’
874 1589 891 1605 '¹

112 1702 153 1756 Nit
166 1694 256 1774 superi
269 1711 365 1758 curant
378 1703 525 1758 mortalia?
545 1702 661 1758 fulmina
674 1712 777 1758 cessam
800 1720 802 1725 ·
846 1718 849 1723 ’
893 1696 896 1701 ’

113 1798 163 1850 Cur
173 1804 232 1848 tarn
244 1795 403 1859 formidata,
416 1803 444 1850 et
456 1797 554 1851 vindex
567 1798 678 1851 flamma
690 1790 821 1851 Tonantis
833 1804 843 1849 t

111 1891 171 1943 Jarn
184 1891 271 1944 virtus
283 1909 338 1943 non
352 1892 448 1944 umbra
459 1893 510 1945 tibi
524 1900 574 1956 est,
582 1896 641 1962 jarn
653 1891 749 1963 sasque
760 1890 889 1962 nefasque

111 1987 176 2038 Sunt
188 1983 289 2058 aliquid
300 2009 309 2048 3
330 1985 431 2040 coeiesti
445 1988 568 2058 agnoscis
579 1965 684 2058 origine
695 1992 771 2040 nata.
889 1995 891 1999 ’

108 2082 143 2133 nt
153 2078 254 2134 violata
266 2080 333 2135 fides
345 2083 367 2135 si
380 2090 407 2135 te
419 2082 546 2136 ditaverit
557 2100 638 2145 auro,

109 2179 177 2230 Tum
190 2179 371 2251 superfimque
384 2180 471 2233 minas
484 2187 512 2233 et
524 2180 606 2233 bruta
618 2179 739 2232 tonitrua
751 2176 864 2250 spernis,

111 2274 162 2326 Sub
174 2274 341 2346 pedibusque
349 2278 443 2344 jacent
455 2274 536 2347 leges,
549 2281 577 2327 et
589 2273 697 2327 vincula
708 2289 793 2327 sacra.
883 2283 887 2290 '

143 2368 348 2439 Nequicquam3
367 2386 486 2440 namque
497 2369 571 2421 haud
584 2368 669 2422 vir-tus
682 2365 821 2421 mutabilis
832 2381 905 2421 auru

108 2460 228 2515 Arbitrio
242 2461 392 2533 popularis,
404 2464 509 2516 bonore
523 2462 664 2516 orbabitur
677 2479 775 2532 sequor
858 2448 861 2453 ⁴

106 2560 176 2612 Ante
188 2558 288 2611 etenim
302 2575 393 2613 versus
405 2559 482 2612 cedet
494 2557 570 2612 color·
583 2565 640 2611 ater
651 2558 682 2610 in'
692 2555 796 2619 album,

104 2655 175 2706 Ante
189 2653 267 2724 diem¹
275 2654 351 2706 Luna
363 2652 473 2717 efficiet,
486 2652 658 2724 Phoebusque
669 2651 802 2714 tenebras,

105 2748 193 2807 Quam
207 2750 271 2804 diva
284 2745 415 2804 exciderit
427 2749 508 2813 solio,
521 2768 576 2821 quo
589 2750 645 2802 fixa
656 2767 704 2821 per
716 2764 797 2802 omne
883 2726 887 2739 ’

103 2844 236 2909 Pereunt,
249 2853 277 2898 et
289 2846 421 2919 perstabit
434 2845 461 2899 iu
471 2864 552 2900 omne
564 2842 713 2900 immobilis
726 2828 823 2896 avani.

192 2962 383 3036 Cautabsigiae,
396 2963 424 3016 iu
436 2962 559 3018 Comitiis
570 2962 717 3036 prioribus,
733 2963 864 3047 ltofi-t.
