2010 3630
462 314 566 359 nuans.
877 307 913 361 57

106 467 279 520 vernantem
292 463 320 518 in
333 481 463 537 campum
477 481 584 518 mecum
596 463 736 529 dumne,
748 464 867 538 novique

144 559 259 623 Videris,
271 567 302 614 ut
313 567 410 632 surgat
421 559 551 631 primula,
564 561 634 614 veris
645 558 742 615 honos.

109 655 185 710 uum
197 653 315 728 populus
327 655 431 710 circum
443 661 690 727 cantatpennatar,
703 656 790 710 amori

146 749 239 808 Quam
250 765 359 804 menum
371 749 407 803 ad
418 741 545 803 Tuedarn³
553 742 628 802 lenta
640 765 737 804 vacare
748 734 825 822 notes
836 756 843 803 t

107 933 174 995 (tun
186 935 285 990 minuit
296 936 398 998 studio,
410 933 575 1014 qun—longas
585 933 689 1006 decipit
699 934 800 991 bornat

144 1034 243 1084 Nonne
255 1029 360 1103 aliquot
372 1012 536 1086 teneraslux
547 1048 608 1084 men
619 1039 709 1086 servat
721 1038 805 1087 orest

107 1125 207 1181 Nullus
219 1143 263 1180 ear
273 1126 348 1190 felix,
361 1125 450 1180 nullus
462 1127 553 1181 brevis
565 1127 698 1182 abstrahit
707 1145 794 1192 error,

144 1225 220 1277 Dum
230 1221 325 1276 furtim
336 1237 447 1275 somnus
459 1219 562 1274 lumina
573 1219 676 1275 claudit
687 1221 777 1276 berni

105 1318 252 1372 Murmure
260 1316 383 1383 jucundo
396 1312 506 1368 mollem
518 1315 632 1367 suadere
640 1331 766 1384 soporem

143 1410 171 1465 Si
184 1412 269 1482 possit
279 1410 351 1464 votis
362 1408 457 1462 Tueda
468 1407 584 1461 secunda
597 1406 662 1460 meis
673 1428 695 1468 t·
851 1392 855 1402 ’

103 1506 281 1569 Ambrosiam
293 1505 383 1568 labiis,
396 1505 517 1558 animum
529 1520 591 1575 qnae
602 1488 721 1558 mulceat
733 1520 845 1576 regrum,
898 1502 902 1511 '

143 1602 446 1674 letusqneettacitns,
459 1602 616 1675 surripuisse
627 1599 719 1657 velim.
850 1582 853 1587 ¹

105 1791 241 1865 vulgares
252 1795 322 1847 inter
335 1793 458 1848 flammas
471 1810 547 1848 meus
558 1792 658 1847 emieat
670 1792 749 1864 ignis,

145 1892 181 1943 Ut
193 1906 324 1960 nusquam
338 1889 429 1942 forma
441 1889 561 1960 nympha
573 1890 609 1942 sit
621 1886 677 1940 ulla
688 1887 747 1959 pari
759 1909 766 1940 ε

102 1983 237 2040 Pluribus
249 2002 265 2038 a
278 1982 406 2056 pulchris,
418 2003 434 2038 a
448 1985 522 2038 mille
534 1990 562 2036 et
574 1979 648 2035 mille
659 1982 788 2046 vennatis,

142 2077 320 2149 Distinguunt
333 2079 417 2132 vitam
431 2079 523 2150 gratia
536 2075 621 2130 multa
633 2094 731 2143 meatu.
899 2146 905 2157 ·

106 2172 279 2242 suasiolum‚
292 2173 356 2245 quin
369 2172 438 2236 saro,
452 2156 541 2226 meum
554 2193 562 2233 a
581 2158 642 2244 qnae
654 2189 753 2244 pascua
765 2160 881 2238 malnn‘t,

142 2273 200 2325 Aut
212 2269 270 2332 ubi,
282 2269 333 2322 sub
347 2268 435 2322 medio
449 2267 516 2329 sole,
530 2275 663 2340 vagantur
675 2275 759 2323 orest
776 2272 781 2277 '

105 2367 150 2423 Ad
163 2351 246 2420 Tarne
257 2374 378 2419 errantes
390 2382 509 2437 quaerarn
521 2365 629 2420 sinuosa
641 2366 740 2420 fluenta
753 2371 763 2419 t

143 2465 306 2525 Quaeramve
314 2463 349 2518 ad
359 2457 460 2521 Turta
471 2463 633 2519 candidioris
644 2479 744 2541 aquarn
753 2469 763 2515 t
