2010 3630
419 330 536 372 sacroru
558 334 579 373 s.
858 309 892 374 ,ll

109 471 214 542 noster
227 493 262 542 et
276 468 582 556 aversatur'a'uctor,
599 466 672 562 quaa
687 475 739 541 vel
753 465 902 542 luxuriet

106 580 228 668 vitiose,
243 588 296 651 rel
309 587 431 652 lascive
446 588 577 674 ignaria
591 586 673 650 solet
684 576 880 673 excogitare
888 610 897 666 ;

105 699 179 762 satis
191 693 320 778 beatus,
337 700 364 761 si
387 698 526 784 gaudiis,
543 711 620 782 quee
634 697 798 782 sperando
818 718 900 762 con-

104 811 240 895 ceperit,
254 809 332 874 nihil
349 808 562 874 intervenerit
574 828 723 872 curarum
736 819 793 872 aut
806 809 900 896 argri-

105 920 232 987 tudiuis.
253 962 259 970 ,
306 935 309 941 '

149 1117 377 1214 sperantibus,
391 1117 501 1213 quoad
512 1115 602 1182 licita
615 1129 652 1182 et
664 1116 813 1196 innocua,
830 1128 902 1186 om.-

101 1228 160 1291 nia
184 1242 260 1290 sunt
286 1227 396 1291 libera.
443 1228 484 1290 Et
506 1227 657 1311 quoniam
682 1225 845 1317 pleresque
869 1225 904 1287 in

103 1335 225 1400 futuro
238 1330 561 1422 sunt-uoluptates,
592 1330 739 1421 optando
767 1330 905 1398 facimus

103 1450 342 1534 praesentiores,
367 1461 404 1513 et
425 1448 622 1534 conspectui
637 1447 775 1534 propius
792 1445 907 1512 admo·

104 1576 241 1623 semus:
268 1557 515 1643 Contemplatio
528 1549 579 1622 est
594 1557 760 1643 quoddam
774 1547 908 1621 fluendi

105 1687 236 1757 genunt
260 1681 299 1732 et
317 1669 520 1754 expectatio
531 1660 734 1746 deliciarum,
751 1666 910 1730 absentie

107 1777 416 1865 quodammodoiest
431 1772 589 1842 solatium.
634 1771 751 1859 ltaque
763 1775 909 1860 aequissi-

105 1909 161 1951 mo
170 1884 247 1974 jure
261 1883 465 1950 licebitvoto
483 1887 657 1974 indulgere
675 1908 739 1950 nec
763 1887 909 1949 infaceto

94 2016 170 2062 ‘nec
185 1995 346 2077 illiberali,
362 1998 450 2084 quod
473 1998 642 2061 venientia
661 1997 843 2060 senectutis
859 1997 908 2061 in-

109 2108 334 2187 commoda,
310 2128 344 2170 sr
350 2127 415 2172 non
430 2102 499 2171 tota
515 2106 681 2193 repellere
695 2119 730 2172 et
744 2108 911 2188 remorari,

111 2219 301 2355 diminuere
309 2233 401 2283 certe
415 2230 526 2357 potest
541 2231 576 2281 et
589 2217 792 2282 (ὶθίἰηίτε.·ἢλ

129 2418 231 2481 Diu
238 2415 387 2501 Anglicis
405 2364 600 2489 Lectoribus
622 2416 757 2501 placuit,
775 2343 912 2500 (linque,

112 2539 151 2588 ut
185 2548 392 2612 auguramur,
430 2525 577 2610 placebit
613 2526 818 2591 celebratum
850 2525 913 2598 hoc

113 2632 327 2721 opusculum:
359 2648 393 2698 et
417 2635 620 2720 speravimus
650 2636 777 2697 auctori
803 2647 913 2696 nostro

112 2768 177 2810 non
201 2745 353 2831 injurium
379 2746 461 2825 fore,
487 2748 512 2808 si
537 2746 652 2809 Latine
677 2746 775 2809 etiam
799 2745 913 2831 legen-

116 2855 194 2918 dum
212 2855 456 2919 exhiberemus.
502 2855 539 2918 ld
563 2871 655 2921 certe
669 2855 862 2941 optavimuS,
880 2868 917 2917 ut

101 2966 236 3030 ‘iterum
253 2969 383 3048 exteris,
402 2967 489 3054 apud
506 2991 589 3053 quos
611 2969 839 3055 peregrinatus
854 2985 916 3047 est,

118 3089 278 3159 quantum
293 3099 354 3161 per
370 3099 429 3140 nos
444 3092 569 3162 posset,
585 3092 682 3141 vetus
697 3079 920 3141 innotesceret

120 3184 269 3271 hospes;
304 3198 341 3250 et
369 3186 464 3267 fama,
495 3207 561 3272 qua
592 3187 697 3252 semel
727 3187 845 3265 floruit,
877 3186 920 3249 de

488 3312 508 3357 c
533 3307 552 3358 4
