<?xml version="1.0" encoding="UTF-8"?>
<!DOCTYPE html PUBLIC "-//W3C//DTD XHTML 1.0 Transitional//EN"
    "http://www.w3.org/TR/xhtml1/DTD/xhtml1-transitional.dtd">
<html xmlns="http://www.w3.org/1999/xhtml" xml:lang="en" lang="en">
 <head>
  <title>
</title>
<meta http-equiv="Content-Type" content="text/html;charset=utf-8" />
  <meta name='ocr-system' content='tesseract 3.04.00' />
  <meta name='ocr-capabilities' content='ocr_page ocr_carea ocr_par ocr_line ocrx_word'/>
</head>
<body>
  <div class='ocr_page' id='page_1' title='image "./poematalatinepa01bourgoog_0110.png"; bbox 0 0 2010 3630; ppageno 0'>
   <div class='ocr_carea' id='block_1_1' title="bbox 320 348 891 404">
    <p class='ocr_par' dir='ltr' id='par_1_1' title="bbox 320 348 891 404">
     <span class='ocr_line' id='line_1_1' title="bbox 320 348 891 404; baseline -0.011 -1"><span class='ocrx_word' id='word_1_1' title='bbox 320 358 477 404; x_wconf 72' lang='lat' dir='ltr'><strong>uunscaruo</strong></span> <span class='ocrx_word' id='word_1_2' title='bbox 498 362 536 402; x_wconf 83' lang='lat' dir='ltr'><strong>ao</strong></span> <span class='ocrx_word' id='word_1_3' title='bbox 556 360 665 402; x_wconf 68' lang='lat' dir='ltr'><strong>necnee.</strong></span> <span class='ocrx_word' id='word_1_4' title='bbox 692 368 695 373; x_wconf 95' lang='lat'>·</span> <span class='ocrx_word' id='word_1_5' title='bbox 838 348 891 399; x_wconf 68' lang='lat' dir='ltr'><strong>loll</strong></span> 
     </span>
    </p>
   </div>
   <div class='ocr_carea' id='block_1_2' title="bbox 106 502 885 1337">
    <p class='ocr_par' dir='ltr' id='par_1_2' title="bbox 106 502 885 1337">
     <span class='ocr_line' id='line_1_2' title="bbox 137 502 754 577; baseline -0.01 -13"><span class='ocrx_word' id='word_1_6' title='bbox 137 513 197 565; x_wconf 74' lang='lat' dir='ltr'><strong>Esto</strong></span> <span class='ocrx_word' id='word_1_7' title='bbox 209 509 270 572; x_wconf 80' lang='lat' dir='ltr'><strong>tiltl,</strong></span> <span class='ocrx_word' id='word_1_8' title='bbox 283 511 306 563; x_wconf 71' lang='grc' dir='ltr'><em>Φ</em></span> <span class='ocrx_word' id='word_1_9' title='bbox 320 502 452 563; x_wconf 70' lang='lat' dir='ltr'><strong>turstani</strong></span> <span class='ocrx_word' id='word_1_10' title='bbox 464 505 644 577; x_wconf 72' lang='lat' dir='ltr'><strong>pulcherrima</strong></span> <span class='ocrx_word' id='word_1_11' title='bbox 662 505 754 560; x_wconf 67' lang='lat' dir='ltr'><strong>aaut</strong></span> 
     </span>
     <span class='ocr_line' id='line_1_3' title="bbox 106 601 787 668; baseline -0.009 -6"><span class='ocrx_word' id='word_1_12' title='bbox 106 608 159 662; x_wconf 79' lang='lat' dir='ltr'><strong>Sors</strong></span> <span class='ocrx_word' id='word_1_13' title='bbox 170 605 274 668; x_wconf 76' lang='lat' dir='ltr'><strong>mellus,</strong></span> <span class='ocrx_word' id='word_1_14' title='bbox 288 603 394 660; x_wconf 70' lang='lat' dir='ltr'><strong>amnuo</strong></span> <span class='ocrx_word' id='word_1_15' title='bbox 405 609 433 658; x_wconf 87' lang='lat' dir='ltr'><strong>et</strong></span> <span class='ocrx_word' id='word_1_16' title='bbox 446 601 503 656; x_wconf 76' lang='lat' dir='ltr'><strong>teta</strong></span> <span class='ocrx_word' id='word_1_17' title='bbox 514 610 543 658; x_wconf 86' lang='lat' dir='ltr'><strong>et</strong></span> <span class='ocrx_word' id='word_1_18' title='bbox 555 601 671 657; x_wconf 77' lang='lat' dir='ltr'><strong>miratus</strong></span> <span class='ocrx_word' id='word_1_19' title='bbox 680 605 787 666; x_wconf 66' lang='lat' dir='ltr'><strong>Rostro,</strong></span> 
     </span>
     <span class='ocr_line' id='line_1_4' title="bbox 107 685 885 773; baseline -0.006 -15"><span class='ocrx_word' id='word_1_20' title='bbox 107 685 393 773; x_wconf 63' lang='lat' dir='ltr'><strong>cumam-sepem</strong></span> <span class='ocrx_word' id='word_1_21' title='bbox 408 698 553 761; x_wconf 73' lang='lat' dir='ltr'><strong>luventas,</strong></span> <span class='ocrx_word' id='word_1_22' title='bbox 563 705 590 752; x_wconf 74' lang='lat' dir='ltr'><strong>cs</strong></span> <span class='ocrx_word' id='word_1_23' title='bbox 606 699 720 770; x_wconf 63' lang='lat' dir='ltr'><strong>prodige</strong></span> <span class='ocrx_word' id='word_1_24' title='bbox 734 708 834 754; x_wconf 75' lang='lat' dir='ltr'><strong>mensas</strong></span> <span class='ocrx_word' id='word_1_25' title='bbox 882 704 885 710; x_wconf 83' lang='lat'>·</span> 
     </span>
     <span class='ocr_line' id='line_1_5' title="bbox 106 793 683 868; baseline -0.005 -18"><span class='ocrx_word' id='word_1_26' title='bbox 106 797 234 860; x_wconf 65' lang='lat' dir='ltr'><strong>summa</strong></span> <span class='ocrx_word' id='word_1_27' title='bbox 244 804 274 851; x_wconf 62' lang='lat' dir='ltr'><strong>ot</strong></span> <span class='ocrx_word' id='word_1_28' title='bbox 285 797 367 868; x_wconf 74' lang='lat' dir='ltr'><strong>copia</strong></span> <span class='ocrx_word' id='word_1_29' title='bbox 380 795 459 856; x_wconf 83' lang='lat' dir='ltr'><strong>iners,</strong></span> <span class='ocrx_word' id='word_1_30' title='bbox 474 794 585 865; x_wconf 75' lang='lat' dir='ltr'><strong>risuque</strong></span> <span class='ocrx_word' id='word_1_31' title='bbox 598 793 683 849; x_wconf 84' lang='lat' dir='ltr'><strong>libido</strong></span> 
     </span>
     <span class='ocr_line' id='line_1_6' title="bbox 107 885 817 958; baseline -0.013 -10"><span class='ocrx_word' id='word_1_32' title='bbox 107 892 239 954; x_wconf 84' lang='lat' dir='ltr'><strong>Obscoena,</strong></span> <span class='ocrx_word' id='word_1_33' title='bbox 254 891 401 945; x_wconf 86' lang='lat' dir='ltr'><strong>intantum</strong></span> <span class='ocrx_word' id='word_1_34' title='bbox 415 907 512 942; x_wconf 79' lang='lat' dir='ltr'><strong>nervos</strong></span> <span class='ocrx_word' id='word_1_35' title='bbox 526 887 686 958; x_wconf 85' lang='lat' dir='ltr'><strong>animosque</strong></span> <span class='ocrx_word' id='word_1_36' title='bbox 699 885 817 950; x_wconf 85' lang='lat' dir='ltr'><strong>resolvit,</strong></span> 
     </span>
     <span class='ocr_line' id='line_1_7' title="bbox 109 978 820 1060; baseline -0.013 -17"><span class='ocrx_word' id='word_1_37' title='bbox 109 988 223 1060; x_wconf 80' lang='lat' dir='ltr'>Degener</span> <span class='ocrx_word' id='word_1_38' title='bbox 236 991 267 1040; x_wconf 91' lang='lat' dir='ltr'><strong>ut</strong></span> <span class='ocrx_word' id='word_1_39' title='bbox 279 1001 389 1057; x_wconf 85' lang='lat' dir='ltr'><strong>prorsus</strong></span> <span class='ocrx_word' id='word_1_40' title='bbox 402 1000 523 1046; x_wconf 88' lang='lat' dir='ltr'><strong>morum,</strong></span> <span class='ocrx_word' id='word_1_41' title='bbox 534 979 713 1052; x_wconf 83' lang='lat' dir='ltr'><strong>foecundaque</strong></span> <span class='ocrx_word' id='word_1_42' title='bbox 725 978 820 1052; x_wconf 74' lang='lat' dir='ltr'><strong>culpae,</strong></span> 
     </span>
     <span class='ocr_line' id='line_1_8' title="bbox 110 1075 811 1154; baseline -0.011 -18"><span class='ocrx_word' id='word_1_43' title='bbox 110 1083 206 1136; x_wconf 78' lang='lat' dir='ltr'><strong>Servilii</strong></span> <span class='ocrx_word' id='word_1_44' title='bbox 219 1080 340 1154; x_wconf 81' lang='lat' dir='ltr'><strong>pretiosa</strong></span> <span class='ocrx_word' id='word_1_45' title='bbox 351 1076 481 1149; x_wconf 83' lang='lat' dir='ltr'><strong>emptrix,</strong></span> <span class='ocrx_word' id='word_1_46' title='bbox 494 1075 655 1148; x_wconf 83' lang='lat' dir='ltr'>plebemque</span> <span class='ocrx_word' id='word_1_47' title='bbox 667 1082 811 1146; x_wconf 85' lang='lat' dir='ltr'><strong>patresque</strong></span> 
     </span>
     <span class='ocr_line' id='line_1_9' title="bbox 109 1167 755 1248; baseline -0.015 -17"><span class='ocrx_word' id='word_1_48' title='bbox 109 1177 246 1248; x_wconf 77' lang='lat' dir='ltr'><strong>Corrupto,</strong></span> <span class='ocrx_word' id='word_1_49' title='bbox 259 1181 288 1228; x_wconf 90' lang='lat' dir='ltr'><strong>et</strong></span> <span class='ocrx_word' id='word_1_50' title='bbox 299 1175 400 1228; x_wconf 83' lang='lat' dir='ltr'>discors</span> <span class='ocrx_word' id='word_1_51' title='bbox 413 1171 504 1232; x_wconf 85' lang='lat' dir='ltr'><strong>armis,</strong></span> <span class='ocrx_word' id='word_1_52' title='bbox 519 1176 546 1223; x_wconf 87' lang='lat' dir='ltr'><strong>et</strong></span> <span class='ocrx_word' id='word_1_53' title='bbox 558 1169 665 1242; x_wconf 86' lang='lat' dir='ltr'><strong>perdita</strong></span> <span class='ocrx_word' id='word_1_54' title='bbox 678 1167 755 1231; x_wconf 90' lang='lat' dir='ltr'><strong>luxu,</strong></span> 
     </span>
     <span class='ocr_line' id='line_1_10' title="bbox 110 1264 715 1337; baseline -0.017 -12"><span class='ocrx_word' id='word_1_55' title='bbox 110 1270 240 1337; x_wconf 70' lang='lat' dir='ltr'><strong>corruerit</strong></span> <span class='ocrx_word' id='word_1_56' title='bbox 251 1267 351 1324; x_wconf 77' lang='lat' dir='ltr'><strong>victrix</strong></span> <span class='ocrx_word' id='word_1_57' title='bbox 364 1265 607 1336; x_wconf 70' lang='lat' dir='ltr'><strong>orbls‚&#39;rernmque</strong></span> <span class='ocrx_word' id='word_1_58' title='bbox 617 1264 715 1334; x_wconf 88' lang='lat' dir='ltr'><strong>potita.</strong></span> 
     </span>
    </p>
   </div>
   <div class='ocr_carea' id='block_1_3' title="bbox 106 1425 899 1786">
    <p class='ocr_par' dir='ltr' id='par_1_3' title="bbox 106 1425 899 1786">
     <span class='ocr_line' id='line_1_11' title="bbox 137 1425 879 1503; baseline -0.007 -18"><span class='ocrx_word' id='word_1_59' title='bbox 137 1432 248 1503; x_wconf 86' lang='lat' dir='ltr'><strong>Opater</strong></span> <span class='ocrx_word' id='word_1_60' title='bbox 261 1435 268 1483; x_wconf 84' lang='lat' dir='ltr'><strong>l</strong></span> <span class='ocrx_word' id='word_1_61' title='bbox 282 1433 305 1485; x_wconf 94' lang='grc'>0</span> <span class='ocrx_word' id='word_1_62' title='bbox 319 1429 443 1502; x_wconf 87' lang='lat' dir='ltr'><strong>princeps</strong></span> <span class='ocrx_word' id='word_1_63' title='bbox 456 1434 462 1479; x_wconf 90' lang='lat'><strong>!</strong></span> <span class='ocrx_word' id='word_1_64' title='bbox 477 1444 526 1481; x_wconf 87' lang='lat' dir='ltr'><strong>nec</strong></span> <span class='ocrx_word' id='word_1_65' title='bbox 537 1425 641 1481; x_wconf 83' lang='lat' dir='ltr'><strong>frustra</strong></span> <span class='ocrx_word' id='word_1_66' title='bbox 653 1431 757 1482; x_wconf 82' lang='lat' dir='ltr'><strong>assuete</strong></span> <span class='ocrx_word' id='word_1_67' title='bbox 769 1428 859 1482; x_wconf 79' lang='lat' dir='ltr'><strong>vocari</strong></span> <span class='ocrx_word' id='word_1_68' title='bbox 872 1450 879 1480; x_wconf 71' lang='grc' dir='ltr'><strong><em>ι</em></strong></span> 
     </span>
     <span class='ocr_line' id='line_1_12' title="bbox 107 1522 746 1594; baseline -0.006 -14"><span class='ocrx_word' id='word_1_69' title='bbox 107 1526 181 1588; x_wconf 81' lang='lat' dir='ltr'><strong>ludi,</strong></span> <span class='ocrx_word' id='word_1_70' title='bbox 192 1528 364 1580; x_wconf 84' lang='lat' dir='ltr'><strong>obtestamur</strong></span> <span class='ocrx_word' id='word_1_71' title='bbox 376 1527 599 1594; x_wconf 70' lang='lat' dir='ltr'><strong>maJestatemque</strong></span> <span class='ocrx_word' id='word_1_72' title='bbox 611 1522 746 1594; x_wconf 87' lang='lat' dir='ltr'><strong>fidemque</strong></span> 
     </span>
     <span class='ocr_line' id='line_1_13' title="bbox 106 1618 783 1693; baseline -0.004 -19"><span class='ocrx_word' id='word_1_73' title='bbox 106 1621 289 1693; x_wconf 72' lang='lat' dir='ltr'><strong>virtutemque</strong></span> <span class='ocrx_word' id='word_1_74' title='bbox 301 1626 390 1681; x_wconf 84' lang='lat' dir='ltr'><strong>tuam,</strong></span> <span class='ocrx_word' id='word_1_75' title='bbox 402 1619 532 1690; x_wconf 80' lang='lat' dir='ltr'>nobisque</span> <span class='ocrx_word' id='word_1_76' title='bbox 545 1625 636 1672; x_wconf 82' lang='lat' dir='ltr'><strong>averte</strong></span> <span class='ocrx_word' id='word_1_77' title='bbox 648 1618 783 1672; x_wconf 88' lang='lat' dir='ltr'><strong>malorum</strong></span> 
     </span>
     <span class='ocr_line' id='line_1_14' title="bbox 106 1714 899 1786; baseline -0.004 -16"><span class='ocrx_word' id='word_1_78' title='bbox 106 1717 176 1770; x_wconf 87' lang='lat' dir='ltr'><strong>llanc</strong></span> <span class='ocrx_word' id='word_1_79' title='bbox 189 1716 309 1776; x_wconf 68' lang='lat' dir='ltr'><strong>faciema</strong></span> <span class='ocrx_word' id='word_1_80' title='bbox 328 1716 384 1786; x_wconf 87' lang='lat' dir='ltr'><strong>ipsc</strong></span> <span class='ocrx_word' id='word_1_81' title='bbox 398 1715 466 1768; x_wconf 90' lang='lat' dir='ltr'><strong>adeo</strong></span> <span class='ocrx_word' id='word_1_82' title='bbox 479 1714 574 1786; x_wconf 85' lang='lat' dir='ltr'><strong>procul</strong></span> <span class='ocrx_word' id='word_1_83' title='bbox 593 1715 748 1770; x_wconf 76' lang='lat' dir='ltr'><strong>ambitionis</strong></span> <span class='ocrx_word' id='word_1_84' title='bbox 760 1715 794 1768; x_wconf 89' lang='lat' dir='ltr'><strong>ab</strong></span> <span class='ocrx_word' id='word_1_85' title='bbox 804 1720 899 1779; x_wconf 80' lang='lat' dir='ltr'><strong>oestro,</strong></span> 
     </span>
    </p>
   </div>
   <div class='ocr_carea' id='block_1_4' title="bbox 107 1801 726 1881">
    <p class='ocr_par' dir='ltr' id='par_1_4' title="bbox 107 1801 726 1881">
     <span class='ocr_line' id='line_1_15' title="bbox 107 1801 726 1881; baseline 0 -17"><span class='ocrx_word' id='word_1_86' title='bbox 107 1811 138 1865; x_wconf 85' lang='lat' dir='ltr'><strong>lit</strong></span> <span class='ocrx_word' id='word_1_87' title='bbox 149 1811 200 1866; x_wconf 89' lang='lat' dir='ltr'><strong>tibi</strong></span> <span class='ocrx_word' id='word_1_88' title='bbox 212 1811 260 1864; x_wconf 85' lang='lat' dir='ltr'><strong>vix</strong></span> <span class='ocrx_word' id='word_1_89' title='bbox 272 1801 341 1864; x_wconf 86' lang='lat' dir='ltr'><strong>solvi</strong></span> <span class='ocrx_word' id='word_1_90' title='bbox 354 1809 466 1864; x_wconf 88' lang='lat' dir='ltr'><strong>meritos</strong></span> <span class='ocrx_word' id='word_1_91' title='bbox 478 1811 589 1881; x_wconf 88' lang='lat' dir='ltr'><strong>patiaris</strong></span> <span class='ocrx_word' id='word_1_92' title='bbox 600 1811 726 1864; x_wconf 76' lang='lat' dir='ltr'><strong>honores.</strong></span> 
     </span>
    </p>
   </div>
   <div class='ocr_carea' id='block_1_5' title="bbox 102 1907 837 3289">
    <p class='ocr_par' dir='ltr' id='par_1_5' title="bbox 102 1907 837 3212">
     <span class='ocr_line' id='line_1_16' title="bbox 106 1907 694 1979; baseline -0.005 -18"><span class='ocrx_word' id='word_1_93' title='bbox 106 1907 210 1977; x_wconf 80' lang='lat' dir='ltr'><strong>injustis</strong></span> <span class='ocrx_word' id='word_1_94' title='bbox 223 1907 270 1961; x_wconf 91' lang='lat' dir='ltr'><strong>alii</strong></span> <span class='ocrx_word' id='word_1_95' title='bbox 285 1924 362 1979; x_wconf 80' lang='lat' dir='ltr'><strong>reges</strong></span> <span class='ocrx_word' id='word_1_96' title='bbox 375 1907 549 1961; x_wconf 84' lang='lat' dir='ltr'><strong>dominentur</strong></span> <span class='ocrx_word' id='word_1_97' title='bbox 562 1909 588 1960; x_wconf 90' lang='lat' dir='ltr'><strong>in</strong></span> <span class='ocrx_word' id='word_1_98' title='bbox 603 1907 694 1968; x_wconf 79' lang='lat' dir='ltr'><strong>armis,</strong></span> 
     </span>
     <span class='ocr_line' id='line_1_17' title="bbox 106 1982 770 2075; baseline -0.008 -15"><span class='ocrx_word' id='word_1_99' title='bbox 106 2003 177 2062; x_wconf 79' lang='lat' dir='ltr'><strong>Quos</strong></span> <span class='ocrx_word' id='word_1_100' title='bbox 189 1982 329 2058; x_wconf 62' lang='lat' dir='ltr'><strong>aulcaedis</strong></span> <span class='ocrx_word' id='word_1_101' title='bbox 341 2021 429 2067; x_wconf 85' lang='lat' dir='ltr'><strong>amor,</strong></span> <span class='ocrx_word' id='word_1_102' title='bbox 442 2003 556 2059; x_wconf 83' lang='lat' dir='ltr'><strong>larnaeve</strong></span> <span class='ocrx_word' id='word_1_103' title='bbox 570 2004 663 2057; x_wconf 86' lang='lat' dir='ltr'><strong>insana</strong></span> <span class='ocrx_word' id='word_1_104' title='bbox 673 2002 770 2075; x_wconf 87' lang='lat' dir='ltr'><strong>cupido</strong></span> 
     </span>
     <span class='ocr_line' id='line_1_18' title="bbox 104 2099 571 2172; baseline -0.004 -18"><span class='ocrx_word' id='word_1_105' title='bbox 104 2100 212 2172; x_wconf 86' lang='lat' dir='ltr'><strong>Imperii</strong></span> <span class='ocrx_word' id='word_1_106' title='bbox 225 2100 292 2153; x_wconf 88' lang='lat' dir='ltr'><strong>fines</strong></span> <span class='ocrx_word' id='word_1_107' title='bbox 306 2099 360 2153; x_wconf 88' lang='lat' dir='ltr'><strong>late</strong></span> <span class='ocrx_word' id='word_1_108' title='bbox 372 2099 479 2170; x_wconf 84' lang='lat' dir='ltr'><strong>signare</strong></span> <span class='ocrx_word' id='word_1_109' title='bbox 490 2099 571 2153; x_wconf 86' lang='lat' dir='ltr'><strong>ruina</strong></span> 
     </span>
     <span class='ocr_line' id='line_1_19' title="bbox 104 2191 739 2266; baseline -0.006 -18"><span class='ocrx_word' id='word_1_110' title='bbox 104 2193 223 2266; x_wconf 85' lang='lat' dir='ltr'><strong>impulit,</strong></span> <span class='ocrx_word' id='word_1_111' title='bbox 234 2200 262 2248; x_wconf 88' lang='lat' dir='ltr'><strong>et</strong></span> <span class='ocrx_word' id='word_1_112' title='bbox 275 2193 356 2246; x_wconf 85' lang='lat' dir='ltr'><strong>vaeui</strong></span> <span class='ocrx_word' id='word_1_113' title='bbox 368 2192 474 2246; x_wconf 86' lang='lat' dir='ltr'><strong>deserta</strong></span> <span class='ocrx_word' id='word_1_114' title='bbox 486 2192 631 2246; x_wconf 86' lang='lat' dir='ltr'><strong>extendere</strong></span> <span class='ocrx_word' id='word_1_115' title='bbox 643 2191 718 2264; x_wconf 82' lang='lat' dir='ltr'><strong>regni</strong></span> <span class='ocrx_word' id='word_1_116' title='bbox 732 2213 739 2244; x_wconf 78' lang='grc' dir='ltr'><strong>ι</strong></span> 
     </span>
     <span class='ocr_line' id='line_1_20' title="bbox 104 2275 837 2360; baseline -0.003 -17"><span class='ocrx_word' id='word_1_117' title='bbox 104 2290 151 2343; x_wconf 74' lang='lat' dir='ltr'><strong>He</strong></span> <span class='ocrx_word' id='word_1_118' title='bbox 163 2275 215 2343; x_wconf 89' lang='lat' dir='ltr'><strong>tibi</strong></span> <span class='ocrx_word' id='word_1_119' title='bbox 228 2293 290 2342; x_wconf 87' lang='lat' dir='ltr'><strong>suut</strong></span> <span class='ocrx_word' id='word_1_120' title='bbox 304 2295 385 2349; x_wconf 83' lang='lat' dir='ltr'><strong>artes,</strong></span> <span class='ocrx_word' id='word_1_121' title='bbox 398 2287 467 2341; x_wconf 85' lang='lat' dir='ltr'><strong>coelo</strong></span> <span class='ocrx_word' id='word_1_122' title='bbox 481 2290 503 2342; x_wconf 89' lang='lat'>0</span> <span class='ocrx_word' id='word_1_123' title='bbox 522 2287 681 2341; x_wconf 71' lang='lat' dir='ltr'><strong>charissime</strong></span> <span class='ocrx_word' id='word_1_124' title='bbox 693 2287 837 2360; x_wconf 75' lang='lat' dir='ltr'><strong>princeps!</strong></span> 
     </span>
     <span class='ocr_line' id='line_1_21' title="bbox 102 2379 751 2453; baseline -0.003 -15"><span class='ocrx_word' id='word_1_125' title='bbox 102 2383 213 2438; x_wconf 85' lang='lat' dir='ltr'><strong>Excelso</strong></span> <span class='ocrx_word' id='word_1_126' title='bbox 226 2400 243 2435; x_wconf 88' lang='lat' dir='ltr'><strong>a</strong></span> <span class='ocrx_word' id='word_1_127' title='bbox 255 2381 324 2436; x_wconf 94' lang='lat' dir='ltr'><strong>solio</strong></span> <span class='ocrx_word' id='word_1_128' title='bbox 337 2381 429 2453; x_wconf 90' lang='lat' dir='ltr'><strong>procul</strong></span> <span class='ocrx_word' id='word_1_129' title='bbox 443 2379 589 2436; x_wconf 86' lang='lat' dir='ltr'><strong>observare</strong></span> <span class='ocrx_word' id='word_1_130' title='bbox 601 2381 751 2453; x_wconf 83' lang='lat' dir='ltr'><strong>procellam</strong></span> 
     </span>
     <span class='ocr_line' id='line_1_22' title="bbox 102 2476 817 2548; baseline -0.003 -16"><span class='ocrx_word' id='word_1_131' title='bbox 102 2479 270 2539; x_wconf 82' lang='lat' dir='ltr'><strong>Nasoeutem‚</strong></span> <span class='ocrx_word' id='word_1_132' title='bbox 283 2485 311 2531; x_wconf 87' lang='lat' dir='ltr'><strong>et</strong></span> <span class='ocrx_word' id='word_1_133' title='bbox 324 2476 387 2532; x_wconf 89' lang='lat' dir='ltr'><strong>belli</strong></span> <span class='ocrx_word' id='word_1_134' title='bbox 398 2479 501 2548; x_wconf 91' lang='lat' dir='ltr'><strong>primos</strong></span> <span class='ocrx_word' id='word_1_135' title='bbox 514 2494 686 2548; x_wconf 81' lang='lat' dir='ltr'><strong>compescere</strong></span> <span class='ocrx_word' id='word_1_136' title='bbox 700 2477 817 2538; x_wconf 84' lang='lat' dir='ltr'><strong>fluctus;</strong></span> 
     </span>
     <span class='ocr_line' id='line_1_23' title="bbox 105 2570 830 2642; baseline -0.01 -14"><span class='ocrx_word' id='word_1_137' title='bbox 105 2574 278 2628; x_wconf 71' lang='lat' dir='ltr'><strong>contractam</strong></span> <span class='ocrx_word' id='word_1_138' title='bbox 291 2579 396 2626; x_wconf 87' lang='lat' dir='ltr'><strong>terrore</strong></span> <span class='ocrx_word' id='word_1_139' title='bbox 411 2576 528 2642; x_wconf 72' lang='lat' dir='ltr'><strong>Europae</strong></span> <span class='ocrx_word' id='word_1_140' title='bbox 539 2570 692 2641; x_wconf 83' lang='lat' dir='ltr'><strong>expandere</strong></span> <span class='ocrx_word' id='word_1_141' title='bbox 703 2571 830 2633; x_wconf 82' lang='lat' dir='ltr'><strong>frontem,</strong></span> 
     </span>
     <span class='ocr_line' id='line_1_24' title="bbox 105 2665 819 2738; baseline -0.006 -15"><span class='ocrx_word' id='word_1_142' title='bbox 105 2671 211 2724; x_wconf 87' lang='lat' dir='ltr'><strong>Ducere</strong></span> <span class='ocrx_word' id='word_1_143' title='bbox 226 2669 253 2721; x_wconf 89' lang='lat' dir='ltr'><strong>in</strong></span> <span class='ocrx_word' id='word_1_144' title='bbox 267 2665 423 2738; x_wconf 85' lang='lat' dir='ltr'><strong>amplexum</strong></span> <span class='ocrx_word' id='word_1_145' title='bbox 438 2665 562 2737; x_wconf 70' lang='lat' dir='ltr'><strong>populos,</strong></span> <span class='ocrx_word' id='word_1_146' title='bbox 575 2673 603 2720; x_wconf 92' lang='lat' dir='ltr'><strong>et</strong></span> <span class='ocrx_word' id='word_1_147' title='bbox 614 2665 717 2720; x_wconf 83' lang='lat' dir='ltr'><strong>foedero</strong></span> <span class='ocrx_word' id='word_1_148' title='bbox 726 2672 819 2738; x_wconf 85' lang='lat' dir='ltr'><strong>gentes</strong></span> 
     </span>
     <span class='ocr_line' id='line_1_25' title="bbox 105 2747 786 2836; baseline -0.001 -21"><span class='ocrx_word' id='word_1_149' title='bbox 105 2763 235 2834; x_wconf 84' lang='lat' dir='ltr'><strong>Jungere‚</strong></span> <span class='ocrx_word' id='word_1_150' title='bbox 248 2767 276 2814; x_wconf 89' lang='lat' dir='ltr'><strong>et</strong></span> <span class='ocrx_word' id='word_1_151' title='bbox 290 2760 317 2812; x_wconf 90' lang='lat' dir='ltr'><strong>in</strong></span> <span class='ocrx_word' id='word_1_152' title='bbox 329 2747 424 2830; x_wconf 82' lang='lat' dir='ltr'><strong>pacem</strong></span> <span class='ocrx_word' id='word_1_153' title='bbox 436 2758 570 2836; x_wconf 73' lang='lat' dir='ltr'><strong>luctantia</strong></span> <span class='ocrx_word' id='word_1_154' title='bbox 581 2777 679 2832; x_wconf 83' lang='lat' dir='ltr'><strong>cogere</strong></span> <span class='ocrx_word' id='word_1_155' title='bbox 692 2776 786 2831; x_wconf 86' lang='lat' dir='ltr'><strong>regna.</strong></span> 
     </span>
     <span class='ocr_line' id='line_1_26' title="bbox 104 2855 815 2930; baseline -0.004 -19"><span class='ocrx_word' id='word_1_156' title='bbox 104 2859 194 2930; x_wconf 83' lang='lat' dir='ltr'><strong>thue</strong></span> <span class='ocrx_word' id='word_1_157' title='bbox 203 2862 279 2909; x_wconf 85' lang='lat' dir='ltr'><strong>tuam</strong></span> <span class='ocrx_word' id='word_1_158' title='bbox 297 2855 402 2909; x_wconf 83' lang='lat' dir='ltr'><strong>adversi</strong></span> <span class='ocrx_word' id='word_1_159' title='bbox 415 2872 501 2927; x_wconf 90' lang='lat' dir='ltr'><strong>nuper</strong></span> <span class='ocrx_word' id='word_1_160' title='bbox 513 2873 576 2910; x_wconf 87' lang='lat' dir='ltr'><strong>cnm</strong></span> <span class='ocrx_word' id='word_1_161' title='bbox 589 2873 728 2910; x_wconf 89' lang='lat' dir='ltr'><strong>murmure</strong></span> <span class='ocrx_word' id='word_1_162' title='bbox 739 2855 815 2911; x_wconf 83' lang='lat' dir='ltr'><strong>venti</strong></span> 
     </span>
     <span class='ocr_line' id='line_1_27' title="bbox 104 2947 773 3023; baseline 0 -18"><span class='ocrx_word' id='word_1_163' title='bbox 104 2952 243 3023; x_wconf 81' lang='lat' dir='ltr'><strong>Frangere</strong></span> <span class='ocrx_word' id='word_1_164' title='bbox 254 2947 393 3021; x_wconf 80' lang='lat' dir='ltr'><strong>paulisper</strong></span> <span class='ocrx_word' id='word_1_165' title='bbox 405 2950 508 3013; x_wconf 83' lang='lat' dir='ltr'><strong>conati,</strong></span> <span class='ocrx_word' id='word_1_166' title='bbox 520 2968 600 3023; x_wconf 88' lang='lat' dir='ltr'><strong>egere</strong></span> <span class='ocrx_word' id='word_1_167' title='bbox 613 2951 773 3005; x_wconf 81' lang='lat' dir='ltr'><strong>Britannum</strong></span> 
     </span>
     <span class='ocr_line' id='line_1_28' title="bbox 105 3044 803 3116; baseline -0.004 -16"><span class='ocrx_word' id='word_1_168' title='bbox 105 3047 145 3100; x_wconf 82' lang='lat' dir='ltr'><strong>Ad</strong></span> <span class='ocrx_word' id='word_1_169' title='bbox 159 3053 282 3116; x_wconf 88' lang='lat' dir='ltr'><strong>portum,</strong></span> <span class='ocrx_word' id='word_1_170' title='bbox 296 3051 323 3098; x_wconf 87' lang='lat' dir='ltr'><strong>et</strong></span> <span class='ocrx_word' id='word_1_171' title='bbox 336 3051 398 3098; x_wconf 89' lang='lat' dir='ltr'><strong>tuto</strong></span> <span class='ocrx_word' id='word_1_172' title='bbox 411 3062 526 3115; x_wconf 90' lang='lat' dir='ltr'><strong>posuere</strong></span> <span class='ocrx_word' id='word_1_173' title='bbox 540 3047 567 3099; x_wconf 92' lang='lat' dir='ltr'><strong>in</strong></span> <span class='ocrx_word' id='word_1_174' title='bbox 580 3044 675 3109; x_wconf 86' lang='lat' dir='ltr'><strong>littore</strong></span> <span class='ocrx_word' id='word_1_175' title='bbox 686 3062 783 3098; x_wconf 86' lang='lat' dir='ltr'><strong>navem</strong></span> <span class='ocrx_word' id='word_1_176' title='bbox 796 3068 803 3097; x_wconf 68' lang='grc' dir='ltr'><em>ι</em></span> 
     </span>
     <span class='ocr_line' id='line_1_29' title="bbox 105 3139 791 3212; baseline -0.006 -16"><span class='ocrx_word' id='word_1_177' title='bbox 105 3139 147 3196; x_wconf 85' lang='lat' dir='ltr'><strong>Sic</strong></span> <span class='ocrx_word' id='word_1_178' title='bbox 158 3142 288 3211; x_wconf 80' lang='lat' dir='ltr'><strong>quaejam</strong></span> <span class='ocrx_word' id='word_1_179' title='bbox 300 3146 420 3211; x_wconf 83' lang='lat' dir='ltr'><strong>stragem</strong></span> <span class='ocrx_word' id='word_1_180' title='bbox 432 3141 551 3194; x_wconf 88' lang='lat' dir='ltr'><strong>intentat</strong></span> <span class='ocrx_word' id='word_1_181' title='bbox 561 3139 685 3195; x_wconf 86' lang='lat' dir='ltr'><strong>felicibus</strong></span> <span class='ocrx_word' id='word_1_182' title='bbox 697 3139 791 3212; x_wconf 83' lang='lat' dir='ltr'><strong>Anglis</strong></span> 
     </span>
    </p>

    <p class='ocr_par' dir='ltr' id='par_1_6' title="bbox 484 3240 535 3289">
     <span class='ocr_line' id='line_1_30' title="bbox 484 3240 535 3289; baseline 0.02 -1"><span class='ocrx_word' id='word_1_183' title='bbox 484 3254 499 3288; x_wconf 85' lang='lat' dir='ltr'><strong>r</strong></span> <span class='ocrx_word' id='word_1_184' title='bbox 517 3240 535 3289; x_wconf 76' lang='lat' dir='ltr'><strong>d</strong></span> 
     </span>
    </p>
   </div>
   <div class='ocr_carea' id='block_1_6' title="bbox 0 0 1010 3630">
    <p class='ocr_par' dir='ltr' id='par_1_7' title="bbox 0 0 1010 3630">
     <span class='ocr_line' id='line_1_31' title="bbox 0 0 1010 3630; baseline 0 0"><span class='ocrx_word' id='word_1_185' title='bbox 0 0 1010 3630; x_wconf 95' lang='lat' dir='ltr'><strong> </strong></span> 
     </span>
    </p>
   </div>
  </div>
 </body>
</html>
