2010 3630
444 358 555 399 VOTUM·

91 504 192 562 Quam
203 499 411 565 tortuositatis,
424 499 525 557 fabella
536 502 583 557 ubi
597 504 649 558 rite
659 511 778 575 peraeta,

133 595 254 651 Exierim
266 614 346 651 scena
355 595 436 659 clam,
449 596 617 669 strepituque
631 597 738 668 procul,

91 695 131 747 Ilt
144 692 278 764 placidam
290 692 424 757 exuerim,
436 693 524 747 arnis
536 710 600 748 eum
616 699 701 756 ream,
712 700 859 759 senectam.

131 785 249 840 Pulvere
259 803 303 841 me
316 786 449 840 comitum
461 785 561 842 condat
573 785 662 841 amica
674 805 779 843 manus.

91 885 187 954 AEquo
200 882 322 936 animum
334 879 448 952 imperio
460 880 510 935 &n

93 1052 144 1104 Me
155 1048 194 1103 nil
205 1048 332 1112 solicitat,
345 1064 446 1102 saxone
459 1065 493 1101 an
506 1046 606 1118 cespite
620 1051 720 1120 signer,

130 1144 259 1199 Nominet
268 1162 304 1198 an
315 1142 437 1198 tumulus
448 1161 504 1207 me,
517 1142 641 1206 sileatne,
655 1161 739 1197 mens.

89 1239 172 1294 Mille
185 1239 232 1292 ubi
244 1238 402 1292 transierint
415 1238 490 1300 anni,
503 1255 564 1309 quae
576 1245 654 1292 tanta
665 1244 792 1309 sequetur

129 1330 234 1395 Gloria,
246 1332 268 1386 si
278 1330 372 1386 forsan
385 1329 463 1385 litera
474 1331 539 1384 bina
551 1328 627 1402 legar
640 1337 649 1381 t

88 1433 184 1500 AEqno
196 1427 319 1482 animum
332 1425 450 1497 imperio
462 1425 513 1480 dac.

88 1598 119 1651 Si
132 1602 226 1650 tamen
237 1595 288 1651 hos
302 1611 404 1656 versus,
418 1593 533 1666 siquem
547 1591 642 1664 legisse
650 1588 771 1660 juvabit,

129 1691 193 1743 Hoc
205 1687 276 1742 addo
289 1686 401 1759 optatis,
414 1693 442 1741 et
454 1686 608 1759 superaddo
620 1684 688 1746 nihil
699 1707 707 1739 ε

88 1782 188 1838 Dnldir
197 1781 287 1836 honor
300 1779 445 1844 virtutum,
457 1786 486 1834 et
498 1780 590 1835 odorae
602 1779 692 1851 gratia
704 1779 796 1844 fama,
882 1840 886 1845 ,

126 1877 247 1949 Volique
257 1883 287 1931 et
298 1876 363 1930 vitae
374 1874 508 1929 terminus
519 1879 579 1929 esto
593 1892 669 1928 mere.

276 1976 279 1980 '
414 1971 566 2025 CHORUS.

86 2071 180 2139 &pne
192 2065 314 2120 animum
326 2065 442 2136 irnperio
453 2064 590 2136 subigam,
603 2061 762 2134 prudentior
774 2081 834 2128 usu,

125 2163 163 2214 Ut
175 2158 291 2231 carptim
304 2164 442 2220 attenuor,
456 2175 504 2212 rex
514 2156 694 2227 dominusque
706 2155 768 2211 mei.

86 2258 146 2310 Nec
159 2254 298 2325 podagrae,
306 2239 359 2308 ¹nec
371 2251 484 2306 lithiasis
495 2251 662 2306 eruciatibus
675 2270 749 2316 urar,

124 2348 175 2404 Sed
185 2348 283 2402 senaim
295 2342 432 2402 extinctus
443 2347 564 2401 devehat
577 2346 612 2400 ed
624 2347 772 2401 tumulum.

119 2584 135 2614 ¹¹
154 2583 171 2647 ‘f
182 2580 315 2636 —Non,
327 2584 357 2626 ut
367 2591 408 2625 me
420 2576 525 2624 miretur
540 2577 623 2633 turbe,
635 2575 730 2631 laboro,

189 2674 207 2699 ‘⁴
219 2671 357 2718 Contentus
369 2668 456 2730 paucis
468 2667 699 2715 lectoribus.”—-
797 2666 855 2714 Hor.

119 2768 134 2797 ⁰
152 2766 244 2814 “Quae
253 2759 551 2822 postlatavenitgloria‚
564 2757 725 2813 seravenit.”
792 2759 871 2806 Mart.
925 2823 928 2827 ⁴

76 2855 195 2915 though
205 2853 275 2900 fame
291 2851 339 2899 will
358 2856 403 2899 not
421 2865 527 2898 concern
542 2864 591 2906 me,
603 2848 670 2895 after
682 2850 692 2896 l
704 2862 745 2894 am
758 2849 831 2907 dead,
845 2855 891 2910 yet

86 2947 99 2992 1
115 2946 175 2993 wish
187 2943 226 2991 lor
236 2943 258 2992 it
268 2943 376 2990 because
387 2942 408 2989 it
420 2941 469 2987 will
486 2941 517 2987 be
534 2957 550 2988 a
567 2941 683 3000 pleasure
700 2946 727 2986 to
739 2954 782 3000 my
795 2940 891 2989 surviv-

87 3039 131 3099 iug
142 3035 248 3083 friends:

191 3126 217 3175 Si
229 3139 292 3187 quos
304 3128 321 3185 ξ(
333 3112 464 3199 suppresse
475 3119 563 3169 volunt
576 3119 635 3166 Dlss‘
747 3117 806 3166 lIor⁴

90 3217 117 3268 1f
133 3217 144 3265 l
159 3217 192 3264 do
208 3222 252 3279 not
263 3209 355 3276 (ribich
368 3199 556 3285 lifilr'nppened
567 3215 594 3256 no
606 3221 684 3267 many
696 3206 737 3256 old
754 3209 823 3270 men)
836 3214 893 3281 out·

91 3309 143 3357 live
153 3305 190 3356 eli
201 3318 247 3368 my
258 3303 359 3353 friends.
512 3381 527 3415 D
