2010 3630
310 321 313 327 '
354 312 647 374 conmon'oniinnns.
669 315 686 345 ·'
854 306 897 374 '21

101 489 255 548 Credebam
268 494 358 542 tamen
373 484 501 560 igneum
520 487 654 557 rebarque
663 483 736 558 quod
746 491 816 540 erret

141 593 215 643 luter
228 586 337 640 divitias
350 582 510 639 invenienda
522 583 606 638 fides:

106 683 187 742 Quod
200 700 298 737 cransae
310 688 417 752 possent
430 687 526 742 vestes,
539 679 680 751 victusque
692 678 800 750 placere

138 779 276 840 Rusticus,
289 783 372 848 atque
385 770 480 829 h'nmiii
490 776 541 830 snb
554 775 611 829 lare
624 780 711 829 castus
724 793 811 830 amor.

106 945 178 1004 Quid
190 943 266 1005 mihi,
281 941 429 1013 Apollinea
441 938 534 1011 cingar
543 939 617 1010 quod
629 944 757 1011 ternpore
768 938 857 1003 lauro,

144 1042 179 1092 Et
190 1036 310 1109 qnerulae
322 1034 414 1088 ndrim
425 1042 542 1105 tangere
554 1033 602 1086 fila
614 1033 699 1105 lyrae?

108 1133 182 1192 Quid
194 1132 316 1204 prodest,
329 1127 426 1184 molius
435 1145 563 1184 numeros
571 1128 702 1200 siquando
714 1130 870 1195 merebam,

145 1225 280 1297 Virginem
293 1225 398 1277 circum
411 1223 484 1293 quod
498 1223 624 1277 maduere
637 1231 733 1294 genaet

109 1319 163 1383 Ab,
176 1317 242 1372 nibil
254 1326 304 1381 est,
318 1317 455 1389 Corydon,
469 1316 566 1370 Phoebi
580 1335 628 1370 cnr
641 1321 865 1387 munerajuctes!

145 1421 201 1471 Nec
214 1416 273 1488 iyra
280 1420 340 1485 jam
353 1415 455 1477 decori,
468 1431 519 1467 nec
530 1414 579 1467 tibi
594 1413 684 1468 laurus
696 1415 755 1470 erit.

108 1516 157 1568 Eat
166 1529 263 1574 novus,
275 1518 316 1565 est
329 1489 452 1582 debnae
464 1507 570 1562 felicior
581 1508 650 1580 ignis
664 1530 672 1570 ;
688 1514 719 1564 et
729 1508 769 1564 ilii
860 1502 877 1508 '⁸

146 1610 260 1665 Dulcior
271 1616 311 1663 est
324 1607 457 1671 calamus,
467 1606 643 1681 callidiorqne
656 1626 761 1664 manua.

111 1777 165 1830 Vos
177 1782 269 1829 tamen
281 1774 354 1837 hinc,
368 1773 499 1830 comitum
513 1793 574 1846 pars
587 1779 609 1831 0
623 1775 789 1839 charissima,
802 1777 897 1842 amici,

148 1868 232 1927 Queis
243 1886 349 1922 mecum
362 1867 450 1922 luctus
462 1877 535 1931 sunt,
548 1869 689 1939 sociusque
702 1869 790 1933 dodon,

113 1965 221 2018 Parcite
234 1982 295 2025 voc,
305 1963 431 2034 quicquid
442 1963 566 2015 dederint
576 1961 642 2014 mihi
654 1961 712 2016 fata
725 1963 876 2030 ferendum,

149 2059 259 2112 Parcite
272 2076 320 2111 vor
332 2057 464 2128 Daphnen
476 2053 708 2135 insimulareldoii.

116 2154 141 2208 Si
155 2160 216 2208 toto
229 2135 397 2224 vagnr'orbc
407 2152 493 2213 feror,
507 2151 657 2206 comitatur
666 2159 777 2207 euntem

151 2252 197 2303 Me
211 2265 271 2302 mea
283 2266 350 2311 sors,
364 2246 438 2302 nulia
451 2247 621 2302 dissocianda
631 2248 719 2323 fugax

117 2345 250 2405 Quamvis
261 2346 405 2407 inteream,
417 2344 531 2416 Daphne
542 2347 696 2402 mutabitur
706 2364 808 2421 usque3

151 2444 287 2494 inteream
298 2438 430 2525 quamvis,
443 2456 527 2511 unque
537 2440 623 2495 fidelis
636 2459 692 2496 ero.

115 2581 207 2654 Siquid
218 2581 307 2637 adhuc
317 2589 447 2654 poterunt
457 2582 614 2649 mollescere
627 2582 718 2649 corda,
732 2585 881 2646 decemuir

151 2681 195 2732 Ex
206 2676 359 2733 inclementi
373 2684 483 2750 pectore
495 2676 569 2748 sugit
581 2693 659 2732 arnor
672 2699 682 2740 t

115 2777 242 2847 Agrestes
252 2773 323 2828 inter
335 2752 446 2827 decoret
458 2788 520 2843 mea
530 2771 627 2827 funera
639 2772 782 2845 nymphas,

152 2870 333 2941 Membraque
345 2884 472 2938 supremo
485 2867 531 2921 det
543 2867 704 2923 tumulanda
715 2887 793 2943 rogo.

117 2965 181 3019 Hoc
192 2962 260 3017 mihi
272 2961 402 3017 concedat
411 2958 521 3024 saltem,
535 2979 591 3017 non
601 2962 688 3016 muita
700 2963 819 3034 roganti,

154 3054 289 3127 Nudaque
301 3053 419 3126 cupressi
431 3053 572 3109 frondibus
584 3071 644 3108 om
653 3061 731 3127 tegat
741 3078 750 3118 ς

119 3148 273 3223 Reiiiquiru
285 3167 354 3205 urna
366 3149 467 3221 pocit'ac
479 3149 527 3205 ubi
538 3148 647 3211 viderit,
660 3153 743 3214 Urna,
827 3143 830 3149 ’
896 3179 903 3187 ·

157 3241 308 3316 Rediqniar
318 3244 377 3310 ridi,
389 3242 473 3311 dicat,
484 3243 602 3300 amantis
613 3240 705 3305 bebo.
