2010 3630
349 277 436 332 secra
455 281 497 322 aa·
512 281 655 325 conmori.
865 275 902 341 tl

104 429 232 504 Accepit,
244 427 480 500 novitqueomen,
494 428 562 483 bene
572 428 681 485 conscia
691 428 770 503 virgo

146 526 218 588 Fati,
230 523 322 579 feralis
333 522 408 595 quod
420 523 559 577 recinebat
570 526 628 578 aris
639 546 648 586 s

108 625 147 677 Et
158 620 275 675 moriens
287 618 414 692 nymphis
424 619 529 672 circnm
541 617 750 690 lacrymantibus
762 620 833 688 infit,

143 717 189 773 Sic
198 732 278 787 super
291 713 413 784 exequiis
424 711 596 784 illacrymata
608 712 671 766 anis.

105 879 212 932 Vocem
224 894 290 950 ego,
301 892 385 948 qnam
398 874 476 930 vobis
487 892 544 930 non
556 882 596 930 est
609 866 867 949 audire,'jubentem

141 970 245 1035 Audio,
258 978 394 1025 matuoem
407 968 627 1043 precipitemque
638 969 743 1044 fugam.

107 1070 242 1125 Dextram
252 1083 316 1139 ego,
325 1083 411 1138 quam
420 1065 499 1119 vobis
508 1082 563 1119 non
575 1072 614 1119 est
625 1073 758 1138 spectare,
772 1076 907 1128 vomam

109 1194 114 1212 .
140 1167 251 1235 Specto,
264 1180 298 1217 ne
310 1163 415 1233 fingam
427 1160 492 1232 quid
504 1160 652 1216 mediterre
665 1180 757 1218 ruore.

102 1259 136 1312 ln
149 1255 245 1327 primae
256 1255 360 1309 morior
371 1253 475 1309 succisa
488 1253 561 1307 heul
581 1253 787 1326 florejurentu,

142 1348 266 1406 Pectoris
276 1349 352 1403 infidi
364 1356 444 1421 capta
457 1347 548 1420 puella
559 1349 633 1405 dolo.

104 1445 174 1502 Idne
185 1461 293 1516 equum
306 1450 334 1497 et
345 1443 388 1497 sas
400 1447 441 1496 est
450 1442 519 1496 vitio
532 1441 599 1495 mihi
612 1451 727 1508 vertere,
738 1438 843 1518 sponsa
865 1476 868 1483 ·

143 1539 226 1599 Quod
235 1541 326 1592 minor
337 1544 379 1592 est
391 1536 472 1608 longe
483 1537 532 1593 dos
544 1554 605 1592 mea
617 1539 682 1593 dote
694 1547 792 1597 nosset

103 1699 180 1755 Vota
190 1699 269 1763 mihi,
280 1700 404 1763 Juvenis,
415 1698 466 1754 soli
480 1699 546 1754 mihi
558 1701 672 1770 credita,
685 1701 760 1761 nulla

141 1793 184 1848 Oh
197 1799 204 1846 t
223 1792 506 1862 alienari-conditione
518 1796 596 1850 sinas.

107 1894 145 1948 At
156 1909 243 1965 neque
254 1898 295 1955 tu,
308 1891 399 1963 virgo,
412 1890 510 1974 blande
522 1910 593 1946 nnnc
605 1892 697 1946 oscula
705 1893 825 1963 dantem,

144 1989 224 2047 Quod
239 1997 303 2043 tuns
313 1995 353 2043 est
364 1986 455 2051 hodie,
468 1988 567 2043 dixeris
578 2006 633 2043 esse
644 1996 734 2044 tuum.

107 2089 230 2157 Jnngere
238 2101 297 2138 cras
308 2083 411 2137 dextra
423 2084 546 2137 dextram
559 2084 710 2154 properatis
721 2091 844 2159 uterque,

146 2183 181 2236 llt
192 2180 270 2234 tarde
283 2178 385 2232 interea
399 2175 507 2231 creditis
519 2176 559 2230 ire
572 2176 655 2231 dirrn.

109 2273 222 2330 Credula
232 2273 299 2344 quin
312 2270 401 2343 virgo,
408 2269 517 2340 Juvenis
527 2271 593 2340 quin
606 2271 716 2342 perfide,
730 2281 845 2350 uterque

146 2370 227 2432 Scite,
239 2365 314 2439 quod
326 2372 354 2419 et
363 2365 436 2436 pacti
450 2365 533 2418 Lucia
543 2365 616 2418 testis
626 2367 686 2422 erit.

111 2537 241 2608 llxangue
254 2536 290 2588 oh
305 2538 311 2586 Ι
325 2531 399 2596 illue,
412 2532 534 2595 comites,
547 2531 649 2587 deferte
661 2532 787 2599 cadaver,

145 2629 207 2688 Qua
219 2626 301 2684 semel
314 2627 348 2681 oh
362 2632 369 2678 t
388 2626 489 2680 iterum
501 2625 719 2698 congrediamur,
731 2629 789 2691 ait3

112 2726 236 2781 Vestibus
248 2731 360 2779 ornatus
371 2721 536 2794 sponsalibus
549 2721 603 2787 ille,
616 2731 753 2796 caputque

145 2825 206 2892 lpsa
217 2817 378 2893 sepulchrali
391 2816 481 2872 vincta
494 2817 626 2889 pedesque
637 2816 717 2873 stola.

111 2913 197 2977 Dixit,
208 2897 237 2968 et
250 2910 536 2968 occubuit-delatum
548 2929 672 2983 exangue
684 2911 809 2980 cadaver,

146 3008 208 3067 Qua
218 3006 302 3062 semel
309 3008 339 3079 in
351 3005 464 3078 longum
476 3007 714 3079 congrederentur,
725 3017 785 3063 erat
796 3031 803 3063 2

112 3103 236 3158 Vestibus
248 3108 359 3157 ornatus
371 3099 536 3172 sponsalibus
554 3100 609 3164 ille,
622 3108 758 3174 caputque

147 3193 196 3250 tlla
209 3191 372 3266 sepulchrali
384 3195 477 3248 vincta
489 3191 621 3264 pedesque
631 3193 712 3248 stola.
