2010 3630
111 306 168 375 1'68
296 311 484 370 'emesenum
503 328 625 380 emron,
645 311 697 369 &c

108 476 196 534 Mlllla
208 478 329 531 cesarea
341 481 466 530 numerat
477 491 587 546 qnoque
598 486 709 527 munere
723 474 840 538 Granta,

144 574 210 625 Haec
222 577 311 624 tamen
323 557 366 624 'est
377 572 448 624 inter
459 567 544 621 millia
557 567 611 643 tale
623 567 699 621 nihil.

106 670 171 723 Non
183 673 233 728 cst,
245 681 300 718 uon
313 665 370 717 istis
383 667 486 718 Auctor
498 661 531 715 de
544 658 662 715 millibus
673 677 753 724 unus,
864 662 880 674 ''

145 759 195 816 Cui
208 764 285 811 tanto
296 756 397 829 ingenii
410 756 459 820 vis,
471 754 515 809 vel
528 772 642 810 acumen
653 755 732 819 inest,
841 762 844 769 ’

104 1419 325 1476 uxrsrmms
343 1420 484 1472 numum
497 1418 815 1474 reconnonnonmr
829 1382 907 1472 cor,

196 1610 199 1619 Ι
218 1537 292 1592 mer
310 1539 445 1592 ronnsr
464 1538 605 1610 numus
621 1521 791 1592 sumnum
899 1576 902 1581 .

102 2045 239 2123 OMNIA
251 2063 362 2120 mortali
373 2064 482 2119 demens
493 2062 624 2137 'sapientia
636 2063 721 2118 credit

106 2167 212 2221 Semine
224 2172 359 2227 concreta,
372 2164 399 2217 e't
411 2180 482 2218 creco
491 2167 598 2231 jactate
609 2151 730 2217 tumultu
745 2182 748 2187 ’

105 2260 241 2332 Principia
253 2261 407 2313 innumerus
418 2275 509 2312 rerum
523 2258 673 2329 procudere
684 2258 809 2314 formos:

105 2354 177 2407 Hinc
189 2353 306 2405 animam
319 2353 398 2422 lingit
409 2348 579 2405 nascentibus
591 2346 753 2406 insinuatam

106 2450 256 2519 corporeus
268 2459 374 2501 servare
387 2447 468 2509 vices,
481 2462 588 2517 unaque
600 2438 692 2518 ‘vigere

107 2547 176 2599 Cum
187 2544 326 2605 membris,
339 2560 393 2596 una
406 2538 578 2614 languentem
590 2532 656 2596 llere
668 2542 805 2614 vigorem,

104 2642 195 2710 Atque
208 2639 296 2694 brevis
308 2640 410 2709 pariter
419 2638 538 2708 spatium
550 2637 690 2691 decurrere
702 2637 777 2700 vite,

104 2735 140 2788 Et
151 2733 231 2788 simul
245 2734 272 2787 ln
283 2733 385 2787 cineres
395 2733 581 2803 primumque
593 2734 694 2786 semina
703 2731 785 2786 solvi.

138 2828 198 2880 Hos
211 2825 298 2890 ludus,
310 2825 436 2896 Epicure,
448 2833 529 2896 etque
541 2825 598 2878 hec
609 2825 743 2880 insomnia
755 2827 828 2881 ridet

103 2921 243 2975 Inventrix
256 2922 404 2983 recitatio,
417 2920 543 2992 sedesque
559 2912 666 2974 futuras

103 3017 248 3078 Monstrat,
260 3022 474 3086 perpetuamque
485 3013 584 3067 anime
594 3020 657 3085 post
668 3012 766 3067 funera
779 3014 873 3070 vitem.

138 3110 162 3160 N
165 3125 208 3160 ern
220 3103 241 3161 sl
254 3125 392 3177 corporee
402 3113 516 3178 pereunt
528 3122 591 3160 cum
603 3099 718 3177 ‘corpore
732 3115 845 3173 mentes,

104 3200 179 3255 Unde
191 3206 240 3265 est,
253 3200 325 3271 quod
338 3218 411 3257 caeco
424 3198 533 3256 resoluti
545 3217 652 3257 carcere
666 3216 759 3256 manos
